<record xmlns="http://www.loc.gov/MARC21/slim" xmlns:xsi="http://www.w3.org/2001/XMLSchema-instance" xsi:schemaLocation="http://www.loc.gov/MARC21/slim http://www.loc.gov/standards/marcxml/schema/MARC21slim.xsd"><leader>00764cz  a2200193n  4500</leader><controlfield tag="001">oca4524615 </controlfield><controlfield tag="005">20050913052800.0</controlfield><controlfield tag="008">	941102n| acannaabn |a aaa c </controlfield><datafield ind1=" " ind2=" " tag="010"><subfield code="a">nr  94036792</subfield></datafield><datafield ind1=" " ind2=" " tag="040"><subfield code="a">DLC</subfield><subfield code="c">DLC</subfield></datafield><datafield ind1="0" ind2=" " tag="100"><subfield code="a">Heraclides,</subfield><subfield code="c">Ponticus, the Younger</subfield></datafield><datafield ind1="0" ind2=" " tag="400"><subfield code="a">Heraclides,</subfield><subfield code="c">of Pontus</subfield></datafield><datafield ind1=" " ind2=" " tag="670"><subfield code="a"> Habentur hoc uolumine haec, uidelicet Vita &amp; fabellae Aesopi ... 1505:</subfield><subfield code="b">t.p. (Heraclides Ponticus)</subfield></datafield><datafield ind1=" " ind2=" " tag="670"><subfield code="a">RLIN, 10/17/94</subfield><subfield code="b">p. 500 (Heraclides Ponticus, the Younger))</subfield></datafield><datafield ind1=" " ind2=" " tag="670"><subfield code="a">PA schedule, 1998</subfield><subfield code="b">(Heraclides Ponticus (grammarian), 1st century A.D.)</subfield></datafield></record>